@article{einstein1905,
  author  = {Albert Einstein},
  title   = {Zur Elektrodynamik bewegter KÃ¶rper},
  journal = {Annalen der Physik},
  year    = {1905},
  volume  = {322},
  pages   = {891--921},
  doi     = {10.1002/andp.19053221004}
}
